@online{DockerComposeUp,
  title = {docker-compose-up},
  url = {https://docs.docker.com/compose/reference/up/}
}

@online{IndexContainer,
  title = {How to simply scale a docker-compose service and pass the index and count to each?},
  url = {https://stackoverflow.com/a/64799824}
}

@online{MakefileOverridingVariables,
  title = {9.5 Overriding Variables},
  url = {https://www.gnu.org/software/make/manual/make.html#Overriding}
}

@online{DockerVolumes,
	title = {Use volumes},
	url = {https://docs.docker.com/storage/volumes/}
}

@online{dockerignore,
	title = {Dockerfile reference},
	url = {https://docs.docker.com/engine/reference/builder/#dockerignore-file}
}

@online{signal,
	title = {signal â€” Set handlers for asynchronous events},
	url = {https://docs.python.org/3/library/signal.html#signal.signal}
}

@online{DelDunder,
	title = {Python Data model},
	url = {https://docs.python.org/3/reference/datamodel.html#object.__del__}
}

@online{SocketHOWTO,
	title = {Socket Programming HOWTO},
	url = {https://docs.python.org/3/howto/sockets.html#disconnecting}
}

@online{ConvoyEffect,
	title = {Understanding the Python GIL},
	url = {https://youtu.be/Obt-vMVdM8s?t=1933}
}

@online{TTM,
	title = {Python behind the scenes \#13: the GIL and its effects on Python multithreading},
	url = {https://tenthousandmeters.com/blog/python-behind-the-scenes-13-the-gil-and-its-effects-on-python-multithreading/}
}

@online{Jinja,
	title = {Jinja: a full-featured template engine for Python},
	url = {https://palletsprojects.com/p/jinja/}
}
